<record xmlns:xsi="http://www.w3.org/2001/XMLSchema-instance" xmlns="http://www.loc.gov/MARC21/slim" xsi:schemaLocation="http://www.loc.gov/MARC21/slim http://www.loc.gov/standards/marcxml/schema/MARC21slim.xsd">

  <leader>00469nam a2200157Ia 4500</leader>
  <controlfield tag="008">160107b2003    a  ||||| |||| 00| | spa d</controlfield>
  <datafield ind1=" " ind2=" " tag="020">
    <subfield code="a">9501245136</subfield>
  </datafield>
  <datafield ind1=" " ind2=" " tag="090">
    <subfield code="a">05.03.01 </subfield>
    <subfield code="b">1127</subfield>
  </datafield>
  <datafield ind1="1" ind2=" " tag="100">
    <subfield code="a">Melillo, Aldo</subfield>
    <subfield code="9">1275</subfield>
  </datafield>
  <datafield ind1="1" tag="245" ind2="0">
    <subfield code="a">Resiliencia: Descubriendo las propias fortalezas / </subfield>
    <subfield code="c">Aldo Melillo; Elbio Néstor Suarez Ojeda</subfield>
  </datafield>
  <datafield ind2=" " tag="260" ind1=" ">
    <subfield code="a">Argentina: </subfield>
    <subfield code="b">Paidós, </subfield>
    <subfield code="c">2003</subfield>
  </datafield>
  <datafield ind1=" " ind2=" " tag="300">
    <subfield code="a">229 páginas</subfield>
  </datafield>
  <datafield ind2="4" tag="650" ind1="1">
    <subfield code="a">INDIVIDUOS</subfield>
    <subfield code="9">1276</subfield>
  </datafield>
  <datafield tag="650" ind2="4" ind1="1">
    <subfield code="a">SOCIEDAD </subfield>
    <subfield code="9">396</subfield>
  </datafield>
  <datafield ind2=" " tag="942" ind1=" ">
    <subfield code="2">z</subfield>
    <subfield code="c">01</subfield>
  </datafield>
  <datafield ind2=" " tag="999" ind1=" ">
    <subfield code="c">322</subfield>
    <subfield code="d">322</subfield>
  </datafield>
</record>